<?xml version="1.0" encoding="UTF-8"?><collection xmlns="http://www.loc.gov/MARC21/slim"><record><leader>00449nam--2200157-i-4500</leader><controlfield tag="001">000000013</controlfield><controlfield tag="002">20161230</controlfield><controlfield tag="005">20170117131930</controlfield><controlfield tag="008">060222s1000------------r-----000-0-eng-d</controlfield><datafield ind1=" " ind2=" " tag="080"><subfield code="a">681.785.5(043)</subfield></datafield><datafield ind1=" " ind2=" " tag="100"><subfield code="a">Fuchs, Detlef</subfield></datafield><datafield ind1=" " ind2=" " tag="245"><subfield code="a">Spaktroskopische ellipsometrie im vakuum-ultraviolett-spektralbereich</subfield><subfield code="b">Dissertation</subfield><subfield code="c">Detlef Fuchs</subfield></datafield><datafield ind1=" " ind2=" " tag="260"><subfield code="a">Berlin</subfield><subfield code="b">Universitat</subfield></datafield><datafield ind1=" " ind2=" " tag="300"><subfield code="a">107P</subfield></datafield><datafield ind1=" " ind2=" " tag="852"><subfield code="a">79066</subfield><subfield code="c">543.51</subfield></datafield><datafield ind1=" " ind2=" " tag="CAT"><subfield code="a">SYS</subfield><subfield code="c">20170117</subfield><subfield code="h">131930</subfield></datafield></record></collection>